<record><leader>00000cas a22000007a 4500</leader><controlfield tag="001">314775682</controlfield><controlfield tag="008">090313c20099999miuer n       0   a0eng  </controlfield><datafield ind1=" " ind2=" " tag="010"><subfield code="a">  2009202373</subfield></datafield><datafield ind1=" " ind2=" " tag="040"><subfield code="a">NSD</subfield><subfield code="b">eng</subfield><subfield code="c">NSD</subfield><subfield code="d">DLC</subfield><subfield code="d">OCLCQ</subfield></datafield><datafield ind1=" " ind2=" " tag="012"><subfield code="k">1</subfield><subfield code="l">1</subfield></datafield><datafield ind1="0" ind2=" " tag="022"><subfield code="a">1947-5888</subfield><subfield code="l">1947-5888</subfield><subfield code="2">1</subfield></datafield><datafield ind1=" " ind2=" " tag="037"><subfield code="b">Sterling, Hoffman &amp; Co., 414 Walter Ct., Midland, MI 48642</subfield></datafield><datafield ind1=" " ind2=" " tag="042"><subfield code="a">pcc</subfield><subfield code="a">nsdp</subfield></datafield><datafield ind1="1" ind2="0" tag="050"><subfield code="a">ISSN RECORD</subfield></datafield><datafield ind1="1" ind2="0" tag="082"><subfield code="a">070</subfield></datafield><datafield ind1=" " ind2="4" tag="222"><subfield code="a">The Saginaw Valley journal</subfield></datafield><datafield ind1="0" ind2="4" tag="245"><subfield code="a">The Saginaw Valley journal.</subfield></datafield><datafield ind1=" " ind2=" " tag="260"><subfield code="a">Midland, MI :</subfield><subfield code="b">Michael Westendorf</subfield></datafield><datafield ind1=" " ind2=" " tag="310"><subfield code="a">Biweekly</subfield></datafield><datafield ind1="1" ind2=" " tag="362"><subfield code="a">Began with vol. 1, no. 1 (Mar. 18, 2009).</subfield></datafield><datafield ind1=" " ind2=" " tag="500"><subfield code="a">"SVSU independent student newspaper."</subfield></datafield><datafield ind1=" " ind2=" " tag="588"><subfield code="a">Description based on: Surrogate of: vol. 1, no. 1 (Mar. 18, 2009); title from caption.</subfield></datafield><datafield ind1=" " ind2=" " tag="588"><subfield code="a">Latest issue consulted: Vol. 1, no. 2 (Mar. 26, 2009).</subfield></datafield><datafield ind1="2" ind2=" " tag="710"><subfield code="a">Saginaw Valley State University.</subfield></datafield><datafield ind1="4" ind2="1" tag="856"><subfield code="u">http://www.sterlinghoffmanco.com/svj/frontpage.html</subfield></datafield></record>